@article{Wagner1999,
    author = {W. Wagner and G. Lemoine and H. Rott},
    title = {A Method for Estimating Soil Moisture from ERS Scatterometer and Soil Data},
    journal = {Remote Sensing of Environment},
    volume = {70},
    number = {2},
    pages = {191--207},
    year = {1999},
    month = {Nov},
    doi = {10.1016/S0034-4257(99)00036-X}
}
@article{Morrison2020,
    author = {K. Morrison and W. Wagner},
    title = {Explaining Anomalies in SAR and Scatterometer Soil Moisture Retrievals From Dry Soils With Subsurface Scattering},
    journal = {IEEE Transactions on Geoscience and Remote Sensing},
    volume = {58},
    number = {3},
    pages = {2190--2197},
    year = {2020},
    month = {Mar},
    doi = {10.1109/TGRS.2019.2954771}
}

@article{Wagner2022,
    author = {W. Wagner and others},
    title = {Widespread occurrence of anomalous C-band backscatter signals in arid environments caused by subsurface scattering},
    journal = {Remote Sensing of Environment},
    volume = {276},
    pages = {113025},
    year = {2022},
    month = {Jul},
    doi = {10.1016/j.rse.2022.113025}
}

@misc{Raml,
    author = {B. Raml and M. Vreugdenhil and S. Massart and C. Navacchi and W. Wagner},
    title = {Enabling Global Scale Sentinel-1 Time Series Analysis Through Streaming}
}

@article{Wagner,
    author = {W. Wagner and M. Vreugdenhil and A. Gruber and M. Fischer and M. Trnka},
    title = {Global Scale Mapping of Subsurface Scattering Signals Impacting ASCAT Soil Moisture Retrievals},
    volume = {13},
    number = {9}
}
